<record><leader>00000cas a2200000 a 4500</leader><controlfield tag="001">11942033</controlfield><controlfield tag="008">850419d19051907ksuwr ne      0    0eng d</controlfield><datafield ind1=" " ind2=" " tag="010"><subfield code="a">sn 85029961 </subfield></datafield><datafield ind1=" " ind2=" " tag="040"><subfield code="a">KSH</subfield><subfield code="b">eng</subfield><subfield code="c">KSH</subfield><subfield code="d">NPT</subfield><subfield code="d">OCL</subfield><subfield code="d">OCLCQ</subfield></datafield><datafield ind1=" " ind2=" " tag="042"><subfield code="a">msc</subfield></datafield><datafield ind1="0" ind2="0" tag="245"><subfield code="a">Olathe republican tribune.</subfield></datafield><datafield ind1=" " ind2=" " tag="260"><subfield code="a">Olathe, Kan. :</subfield><subfield code="b">Whitney-Richardson Co.,</subfield><subfield code="c">1905-1907.</subfield></datafield><datafield ind1=" " ind2=" " tag="300"><subfield code="a">2 v. :</subfield><subfield code="b">ill. ;</subfield><subfield code="c">55 cm.</subfield></datafield><datafield ind1=" " ind2=" " tag="310"><subfield code="a">Weekly</subfield></datafield><datafield ind1="0" ind2=" " tag="362"><subfield code="a">Vol. 15, no. 32 (Dec. 8, 1905)-v. 17, no. 5 (July 12, 1907).</subfield></datafield><datafield ind1=" " ind2=" " tag="752"><subfield code="a">United States</subfield><subfield code="b">Kansas</subfield><subfield code="c">Johnson</subfield><subfield code="d">Olathe.</subfield></datafield><datafield ind1="0" ind2="0" tag="780"><subfield code="t">Olathe tribune</subfield><subfield code="w">(DLC)sn 85029965</subfield></datafield><datafield ind1="0" ind2="4" tag="785"><subfield code="t">Olathe register</subfield><subfield code="w">(DLC)sn 85029966</subfield></datafield></record>